<collection xmlns="http://www.loc.gov/MARC21/slim">
<record>
  <leader>02290nam0a2200397 i 450 </leader>
  <controlfield tag="001">IT\ICCU\CNCE\005364</controlfield>
  <controlfield tag="005">20040110000000.0</controlfield>
  <datafield tag="012" ind1=" " ind2=" ">
    <subfield code="a">erre tee&amp; anme elvi (3) 1508 (R)</subfield>
    <subfield code="2">fei</subfield>
  </datafield>
  <datafield tag="100" ind1=" " ind2=" ">
    <subfield code="a">19970101d1508        0itac0103    ba</subfield>
  </datafield>
  <datafield tag="101" ind1=" " ind2=" ">
    <subfield code="a">ITA</subfield>
  </datafield>
  <datafield tag="102" ind1=" " ind2=" ">
    <subfield code="a">IT</subfield>
  </datafield>
  <datafield tag="200" ind1="1" ind2=" ">
    <subfield code="a">Tractato vtilissimo circa lo regimento e conseruatione de la sanitade composto  per il clarissimo &amp; excellentissimo philosofo &amp; doctore di medicina meser Ugo Benzo di Siena nel quale quanta sia la vtilitate assai chiaramenti po comprehendere che in esso lege</subfield>
  </datafield>
  <datafield tag="210" ind1=" " ind2=" ">
    <subfield code="e">Impresso in Milano</subfield>
    <subfield code="g">per Petromartire di Mantegati</subfield>
    <subfield code="g">a instantia de d. pre. Nicolo de Gorgonzola</subfield>
    <subfield code="h">1508 die XII Maii</subfield>
  </datafield>
  <datafield tag="215" ind1=" " ind2=" ">
    <subfield code="a">XXXXII, \2! c.</subfield>
    <subfield code="c">ill.</subfield>
    <subfield code="d">4ʻ</subfield>
  </datafield>
  <datafield tag="620" ind1=" " ind2=" ">
    <subfield code="a">IT</subfield>
    <subfield code="d">Milano</subfield>
  </datafield>
  <datafield tag="700" ind1=" " ind2="1">
    <subfield code="a">Benzi,</subfield>
    <subfield code="b">Ugo</subfield>
    <subfield code="3">IT\ICCU\CNCA\001624</subfield>
  </datafield>
  <datafield tag="712" ind1="0" ind2="0">
    <subfield code="a">Mantegazza, Pietro Martire</subfield>
    <subfield code="3">IT\ICCU\CNCT\000198</subfield>
    <subfield code="4">650</subfield>
  </datafield>
  <datafield tag="712" ind1="0" ind2="0">
    <subfield code="a"></subfield>
    <subfield code="3">IT\ICCU\CNCT\000205</subfield>
    <subfield code="4">650</subfield>
  </datafield>
  <datafield tag="790" ind1=" " ind2="1">
    <subfield code="a">Benci,</subfield>
    <subfield code="b">Ugo</subfield>
    <subfield code="3">IT\ICCU\CNCA\007824</subfield>
    <subfield code="z">Benzi, Ugo</subfield>
  </datafield>
  <datafield tag="790" ind1=" " ind2="0">
    <subfield code="a">Ugo</subfield>
    <subfield code="c"> : Senensis</subfield>
    <subfield code="3">IT\ICCU\CNCA\015075</subfield>
    <subfield code="z">Benzi, Ugo</subfield>
  </datafield>
  <datafield tag="790" ind1=" " ind2="1">
    <subfield code="a">Bentius,</subfield>
    <subfield code="b">Ugo</subfield>
    <subfield code="3">IT\ICCU\CNCA\022167</subfield>
    <subfield code="z">Benzi, Ugo</subfield>
  </datafield>
  <datafield tag="791" ind1="0" ind2="2">
    <subfield code="a">Pietro Martire Cassano</subfield>
    <subfield code="3">IT\ICCU\CNCT\003509</subfield>
    <subfield code="z">Mantegazza, Pietro Martire</subfield>
  </datafield>
  <datafield tag="791" ind1="0" ind2="0">
    <subfield code="a">Cassano, Pietro Martire</subfield>
    <subfield code="3">IT\ICCU\CNCT\003510</subfield>
    <subfield code="z">Mantegazza, Pietro Martire</subfield>
  </datafield>
  <datafield tag="791" ind1="0" ind2="0">
    <subfield code="a">Mantegatiis, Petrus Martyr de</subfield>
    <subfield code="3">IT\ICCU\CNCT\005002</subfield>
    <subfield code="z">Mantegazza, Pietro Martire</subfield>
  </datafield>
  <datafield tag="791" ind1="0" ind2="0">
    <subfield code="a">Mantegaciis, Petrus Martir de</subfield>
    <subfield code="3">IT\ICCU\CNCT\005003</subfield>
    <subfield code="z">Mantegazza, Pietro Martire</subfield>
  </datafield>
  <datafield tag="791" ind1="0" ind2="0">
    <subfield code="a">Mantegatius, Petrus Martyr</subfield>
    <subfield code="3">IT\ICCU\CNCT\005004</subfield>
    <subfield code="z">Mantegazza, Pietro Martire</subfield>
  </datafield>
  <datafield tag="791" ind1="0" ind2="0">
    <subfield code="a">Mantegaza, Petro Martiro</subfield>
    <subfield code="3">IT\ICCU\CNCT\005005</subfield>
    <subfield code="z">Mantegazza, Pietro Martire</subfield>
  </datafield>
  <datafield tag="791" ind1="0" ind2="0">
    <subfield code="a">Mantegati, Petromartire di</subfield>
    <subfield code="3">IT\ICCU\CNCT\005006</subfield>
    <subfield code="z">Mantegazza, Pietro Martire</subfield>
  </datafield>
  <datafield tag="791" ind1="0" ind2="0">
    <subfield code="a">Mantegatio, Petro Martyre</subfield>
    <subfield code="3">IT\ICCU\CNCT\005007</subfield>
    <subfield code="z">Mantegazza, Pietro Martire</subfield>
  </datafield>
  <datafield tag="791" ind1="0" ind2="2">
    <subfield code="a">Nicolo da Gorgonzola</subfield>
    <subfield code="3">IT\ICCU\CNCT\004950</subfield>
    <subfield code="z"></subfield>
  </datafield>
  <datafield tag="801" ind1=" " ind2="3">
    <subfield code="a">IT</subfield>
    <subfield code="b">ICCU</subfield>
    <subfield code="c">20201113</subfield>
  </datafield>
  <datafield tag="899" ind1=" " ind2=" ">
    <subfield code="a">Biblioteca nazionale centrale. Firenze</subfield>
    <subfield code="1">FI0098</subfield>
    <subfield code="2">CFI CF</subfield>
  </datafield>
  <datafield tag="899" ind1=" " ind2=" ">
    <subfield code="a">Biblioteca nazionale Braidense. Milano</subfield>
    <subfield code="1">MI0185</subfield>
    <subfield code="2">MIL NB</subfield>
  </datafield>
  <datafield tag="899" ind1=" " ind2=" ">
    <subfield code="a">Biblioteca nazionale Vittorio Emanuele III. Napoli</subfield>
    <subfield code="1">NA0079</subfield>
    <subfield code="2">NAP BN</subfield>
  </datafield>
  <datafield tag="899" ind1=" " ind2=" ">
    <subfield code="a">Biblioteca comunale Passerini Landi. Piacenza</subfield>
    <subfield code="1">PC0030</subfield>
    <subfield code="2">PIA PL</subfield>
  </datafield>
  <datafield tag="899" ind1=" " ind2=" ">
    <subfield code="a">Biblioteca universitaria. Padova</subfield>
    <subfield code="1">PD0158</subfield>
    <subfield code="2">PUV 00</subfield>
  </datafield>
</record>
</collection>
